<?xml version="1.0" encoding="UTF-8"?><record xmlns="http://www.loc.gov/MARC21/slim" xmlns:cinclude="http://apache.org/cocoon/include/1.0" xmlns:zs="http://www.loc.gov/zing/srw/">
  <leader>00604nz  a2200145n  4500</leader>
  <controlfield tag="001">no2014053205</controlfield>
  <controlfield tag="003">DLC</controlfield>
  <controlfield tag="005">20140424073547.0</controlfield>
  <controlfield tag="008">140423n| azannaabn          |n aaa     c</controlfield>
  <datafield tag="010" ind1=" " ind2=" ">
    <subfield code="a">no2014053205</subfield>
  </datafield>
  <datafield tag="035" ind1=" " ind2=" ">
    <subfield code="a">(OCoLC)oca09740718</subfield>
  </datafield>
  <datafield tag="040" ind1=" " ind2=" ">
    <subfield code="a">WaU</subfield>
    <subfield code="b">eng</subfield>
    <subfield code="e">rda</subfield>
    <subfield code="c">WaU</subfield>
  </datafield>
  <datafield tag="100" ind1="1" ind2=" ">
    <subfield code="a">Ma, Daphne Yin-Wai</subfield>
  </datafield>
  <datafield tag="373" ind1=" " ind2=" ">
    <subfield code="a">University of Washington. Department of Immunology</subfield>
  </datafield>
  <datafield tag="670" ind1=" " ind2=" ">
    <subfield code="a">The role of CD22 and Bim expression as determinants for the regulation of antigen-specific adaptive immune responses, 2012, via WWW, Apr. 23, 2014:</subfield>
    <subfield code="b">PDF t.p. (Daphne Yin-Wai Ma; Ph. D., University of Washington; Department of Immunology)</subfield>
  </datafield>
</record>